<?xml version="1.0" encoding="UTF-8"?><collection><record><leader>07033ntm a2200589 a 4500</leader><controlfield tag="001">005968502</controlfield><controlfield tag="003">MiAaHDL</controlfield><controlfield tag="005">20190719000000.0</controlfield><controlfield tag="006">m        d        </controlfield><controlfield tag="007">cr bn ---auaua</controlfield><controlfield tag="008">090323q14uu15uuxx            00| ||ara d</controlfield><datafield tag="035" ind1=" " ind2=" "><subfield code="a">(MiU)005968502</subfield></datafield><datafield tag="035" ind1=" " ind2=" "><subfield code="a">sdr-miu005968502</subfield></datafield><datafield tag="040" ind1=" " ind2=" "><subfield code="a">MiU</subfield><subfield code="c">MiU</subfield></datafield><datafield tag="100" ind1="1" ind2=" "><subfield code="6">880-01</subfield><subfield code="a">Iṣfahānī, Maḥmūd ibn ʻAbd al-Raḥmān,</subfield><subfield code="d">1275 or 1276-1348 or 1349.</subfield></datafield><datafield tag="240" ind1="1" ind2="0"><subfield code="6">880-02</subfield><subfield code="a">Maṭāliʻ al-anẓār</subfield></datafield><datafield tag="245" ind1="1" ind2="0"><subfield code="6">880-03</subfield><subfield code="a">Kitāb Maṭāliʻ al-anẓār fī sharḥ Ṭawāliʻ al-anwār,</subfield><subfield code="f">[late 15th or 16th century?].</subfield></datafield><datafield tag="246" ind1="3" ind2=" "><subfield code="i">Title on fore-edge flap label:</subfield><subfield code="a">شرح طوالع مطالع</subfield></datafield><datafield tag="246" ind1="3" ind2=" "><subfield code="6">880-04</subfield><subfield code="i">From inscription on fol.1a (p.3):</subfield><subfield code="a">Sharḥ-i Ṭawāliʻ</subfield></datafield><datafield tag="260" ind1=" " ind2=" "><subfield code="c">[14-- or 15--]</subfield></datafield><datafield tag="300" ind1=" " ind2=" "><subfield code="a">169 leaves :</subfield><subfield code="b">paper ;</subfield><subfield code="c">210 x 135 (140 x 80) mm bound to 210 x 140 mm.</subfield></datafield><datafield tag="500" ind1=" " ind2=" "><subfield code="a">Shelfmark: Ann Arbor, University of Michigan, Special Collections Library, Isl. Ms. 6</subfield></datafield><datafield tag="500" ind1=" " ind2=" "><subfield code="a">Origin: Lacks dated colophon ; paper would suggest late 15th century or 16th century.</subfield></datafield><datafield tag="500" ind1=" " ind2=" "><subfield code="a">Accompanying materials: Slip in wove paper with inventory cataloguing notes in pencil (paginated pp.1-2).</subfield></datafield><datafield tag="500" ind1=" " ind2=" "><subfield code="a">Former shelfmark: British Museum, London "No. 6. Matali al-anzar." ; on front flyleaf (p.3) in black ink "۱۲".</subfield></datafield><datafield tag="500" ind1=" " ind2=" "><subfield code="a">Binding: Pasteboards covered in brown leather ; Type II binding (with flap) ; board linings in paper ; upper and lower covers carry blind-stooled mandorla filled with geometric interlace and having border and pendants, along with border formed of s-shaped stamps and cornerpiece designs in a crescent-shaped stamp ; design carries on to envelope flap where crescent-shaped stamp is used in interlace filling of a blind-tooled roundel ; sewn in cream thread, two stations ; endbands essentially lost, only traces of primaries remain ; in quite poor condition with much delamination of boards, abrasion, moisture damage, and staining ; leather of fore-edge flap has lifted and a portion of the pasteboard is lost ; fore-edge and envelope flap are in quite a fragile state ; spine leather is also lifting and cover is detaching from textblock at spine, exposing spine lining.</subfield></datafield><datafield tag="500" ind1=" " ind2=" "><subfield code="a">Support: non-European (likely Persian) laid paper in two types ; the first type is crisp and fairly smooth, well-burnished with a somewhat glossy finish, roughly 8 laid lines per cm. (vertical) and chain lines difficult to discern but seemingly sporadic and possibly grouped ; the second type appears in the run of ternions toward the end of the text and is much thicker, more opaque, roughly and only lightly burnished with 7 laid lines per cm. (horizontal) and scarce chain lines appearing sporadically ; undissolved fibers are seen in both types, even at the surface.</subfield></datafield><datafield tag="500" ind1=" " ind2=" "><subfield code="a">Decoration: Text rubricated with keywords distinguishing matn and sharḥ (i.e. "قول" and "اقول"), overlining, rare section heading, etc. in red.</subfield></datafield><datafield tag="500" ind1=" " ind2=" "><subfield code="a">Script: Naskh-nastaʻlīq ; bold Persian or Transoxanian hand ; strong effect of slant to the right, with words occasionally descending to baseline ; vertical character ; casually pointed.</subfield></datafield><datafield tag="500" ind1=" " ind2=" "><subfield code="a">Layout: Written in 23 lines per page ; frame-ruled (impression of ruling-board evident).</subfield></datafield><datafield tag="500" ind1=" " ind2=" "><subfield code="a">Collation: 6 IV(48), III+1 (55), 2 IV(71), III+1 (78), 6 IV(126), 4 III (150), IV (158), VI-1 (169) ; chiefly quaternions ; first folio and last two folios initially left blank, now carry excerpts, etc. ; catchwords present ; pagination in pencil, Western numerals, supplied during digitization (includes inserts, mistakenly skips two pages between pp.7-8 and pp.183-184).</subfield></datafield><datafield tag="500" ind1=" " ind2=" "><subfield code="a">Explicit: "وحكى عن اثارهم المرضية وسيرهم الحميدة [فراغ] نفعنا الله تع بمحبتهم اجمعين وجعلنا لهداهم متبعين وعصمنا الله زيغ [؟] الضالين وبعثنا يوم الدين مع الذين انعم الله عليهم من النبيين والصديقين والشهداء والصالحين وهذا اواخر الكتاب والحمد لله رب العالمين والصلوة على محمد واله الطاهرين"</subfield></datafield><datafield tag="500" ind1=" " ind2=" "><subfield code="a">Incipit: "الحمد لله رب العالمين والصلوة على سيدنا محمد واله اجمعين قال الحمد لمن وجب وجوده وبقاؤه ... اقول هذه الخطة معظم مطالب اصول الدين من اثبات الصانع وصفاته ..."</subfield></datafield><datafield tag="500" ind1=" " ind2=" "><subfield code="a">Title from inscription on fol.1a (p.3).</subfield></datafield><datafield tag="500" ind1=" " ind2=" "><subfield code="a">Ms. codex.</subfield></datafield><datafield tag="510" ind1="4" ind2=" "><subfield code="a">Brockelmann, C. GAL,</subfield><subfield code="c">SI, 742</subfield></datafield><datafield tag="510" ind1="4" ind2=" "><subfield code="a">Brockelmann, C. GAL,</subfield><subfield code="c">I, 418</subfield></datafield><datafield tag="520" ind1="8" ind2=" "><subfield code="a">Fine copy of the commentary on al-Bayḍāwī's Ṭawāliʻ al-anwār min maṭāliʻ al-anẓār.</subfield></datafield><datafield tag="538" ind1=" " ind2=" "><subfield code="a">Mode of access: Internet.</subfield></datafield><datafield tag="541" ind1=" " ind2=" "><subfield code="c">Purchase ;</subfield><subfield code="a">Acquired by purchase along with Abdul Hamid Collection (funds donated by Horace Rackham).</subfield><subfield code="d">1924.</subfield></datafield><datafield tag="546" ind1=" " ind2=" "><subfield code="a">Arabic.</subfield></datafield><datafield tag="561" ind1=" " ind2=" "><subfield code="a">Bookplate of British Museum, London on upper cover,"British Museum, London. No. 6. Matali al-anzar." ; circular seal impression with figure of goat/gazelle in purple ink as well as inscription "191" in Western numerals on fol.1a (p.3) ; on paper (blue-tinted) pasted on fol.2a (p.5), a detailed waqf statement in the name of al-Sayyid ʻAbd Allāh Adīb (Abdullah Edip), known as Jannatʹzādah (Cennet-zade), qāḍī of Erzurum, accompanied by his seal, reads: "وقفت وقفا صحيحا شرعيا على ان لا يخرج من بيت الكتب الملتصق بداري الا لعلماء سكنوا بارضروم بكفيل مرعى اورهن قوي وانا الفقير اليه عز شانه السيد عبد الله اديب الشهير بجنت زاده القاضي بمدينة ارضروم في سنة اثنى وستين ومائتين والف" ; also on fol.2a (p.5) ownership statement, accompanied by virtually illegible circular/oval seal impression, reads: "من ممتلكات الحقير الفقير اليه عز شانه احمد بن مصطفى الشهير بديوانى [دلوانى؟] زاده بارضروم عفي عنهم" ; a few other effaced seal impressions on fol.2a (p.5) ; numerous glosses and marginal corrections.</subfield></datafield><datafield tag="600" ind1="1" ind2="0"><subfield code="a">Bayḍāwī, ʻAbd Allāh ibn ʻUmar,</subfield><subfield code="d">-1286?</subfield><subfield code="t">Ṭawāliʻ al-anwār min maṭāliʻ al-anẓār.</subfield></datafield><datafield tag="650" ind1=" " ind2="0"><subfield code="a">Islam</subfield><subfield code="x">Doctrines</subfield><subfield code="v">Early works to 1800.</subfield></datafield><datafield tag="650" ind1=" " ind2="0"><subfield code="a">Manuscripts, Arabic</subfield><subfield code="z">Michigan</subfield><subfield code="z">Ann Arbor.</subfield></datafield><datafield tag="700" ind1="0" ind2=" "><subfield code="6">880-05</subfield><subfield code="a">Ahmet bin Mustafa Dîvânîzâde,</subfield><subfield code="e">former owner.</subfield></datafield><datafield tag="773" ind1="0" ind2=" "><subfield code="a">Tiflis Collection.</subfield></datafield><datafield tag="880" ind1="0" ind2=" "><subfield code="6">700-05/</subfield><subfield code="a">احمد بن مصطفى ديوانى زاده،</subfield><subfield code="e">مالك سابق.</subfield></datafield><datafield tag="880" ind1="3" ind2=" "><subfield code="6">246-04/</subfield><subfield code="a">شرح طوالع</subfield></datafield><datafield tag="880" ind1="1" ind2="0"><subfield code="6">245-03/</subfield><subfield code="a">كتاب مطالع الانظار في شرح طوالع الانوار,</subfield><subfield code="f">[اواخر القرن 15م أو القرن 16م؟].</subfield></datafield><datafield tag="880" ind1="1" ind2="0"><subfield code="6">240-02/</subfield><subfield code="a">مطالع الانظار</subfield></datafield><datafield tag="880" ind1="1" ind2=" "><subfield code="6">100-01/</subfield><subfield code="a">اصفهاني، محمود بن عبد الرحمن</subfield></datafield><datafield tag="CID" ind1=" " ind2=" "><subfield code="a">005968502</subfield></datafield><datafield tag="DAT" ind1="0" ind2=" "><subfield code="a">20190719102633.0</subfield><subfield code="b">20190719000000.0</subfield></datafield><datafield tag="DAT" ind1="1" ind2=" "><subfield code="a">20190719090653.0</subfield><subfield code="b">2019-07-19T16:11:06Z</subfield></datafield><datafield tag="DAT" ind1="2" ind2=" "><subfield code="a">2015-10-10T18:00:06Z</subfield></datafield><datafield tag="CAT" ind1=" " ind2=" "><subfield code="a">SDR-MIU</subfield><subfield code="d">EX LIBRIS - ALEPH</subfield><subfield code="l">prepare.pl-004-008</subfield></datafield><datafield tag="FMT" ind1=" " ind2=" "><subfield code="a">BK</subfield></datafield><datafield tag="HOL" ind1=" " ind2=" "><subfield code="0">sdr-miu005968502</subfield><subfield code="a">MiU</subfield><subfield code="b">SDR</subfield><subfield code="c">MIU</subfield><subfield code="p">mdp.39015079105246</subfield><subfield code="s">MIU</subfield><subfield code="1">005968502</subfield></datafield><datafield tag="974" ind1=" " ind2=" "><subfield code="b">MIU</subfield><subfield code="c">MIU</subfield><subfield code="d">20190719</subfield><subfield code="s">lit-dlps-dc</subfield><subfield code="u">mdp.39015079105246</subfield><subfield code="y">1599</subfield><subfield code="r">pd</subfield><subfield code="q">bib</subfield><subfield code="t">non-US bib date2 &lt; 1896</subfield></datafield></record></collection>